@book{Diestel, author = {Reinhard Diestel}, title = {Graph Theory}, year = {2017}, isbn = {3662536218}, publisher = {Springer Publishing Company, Incorporated}, edition = {5th} }

@article{Fiol1991,
	author    = {Miquel Angel Fiol},
	title     = {A Boolean algebra approach to the construction of snarks},
	journal   = {Graph theory, combinatorics, and applications, Vol. 1 (Kalamazoo, MI, 1988)},
	publisher = {Wiley-Intersci. Publ. John Wiley \& Sons, Inc.},
	address   = {New York},
	year      = {1991},
}

@article{Nedela1996,
	author = {Roman Nedela and Martin Škoviera},
	doi = {10.1002/(SICI)1097-0118(199607)22:3<253::AID-JGT6>3.0.CO;2-L},
	issn = {03649024},
	issue = {3},
	journal = {Journal of Graph Theory},
	title = {Decompositions and Reductions of Snarks},
	volume = {22},
	year = {1996},
}

@article{atoms-of-cyclic,
	author = {Roman Nedela and Martin Škoviera},
	journal = {Mathematica Slovaca},
	keywords = {connected cubic graph; cyclic connectivity; atom},
	language = {eng},
	number = {5},
	pages = {481-499},
	publisher = {Mathematical Institute of the Slovak Academy of Sciences},
	title = {Atoms of cyclic connectivity in cubic graphs},
	url = {http://eudml.org/doc/32343},
	volume = {45},
	year = {1995},
}

@article{Lou2008,
	abstract = {In this paper, we characterize the graphs with infinite cyclic edge connectivity. Then we design an efficient algorithm to determine whether a graph has finite cyclic edge connectivity or infinite cyclic edge connectivity. © 2007 Elsevier B.V. All rights reserved.},
	author = {Dingjun Lou and Wei Wang},
	doi = {10.1016/j.disc.2007.04.055},
	issn = {0012365X},
	issue = {11},
	journal = {Discrete Mathematics},
	title = {Characterization of graphs with infinite cyclic edge connectivity},
	volume = {308},
	year = {2008},
}

@article{lovasz1965graphs,
	title={On graphs not containing independent circuits},
	author={László Lovász},
	journal={Mat. Lapok},
	volume={16},
	number={289-299},
	pages={7},
	year={1965}
}

@misc{HISTs,
	title={On Homeomorphically Irreducible Spanning Trees in Cubic Graphs}, 
	author={Arthur Hoffmann-Ostenhof and Kenta Noguchi and Kenta Ozeki},
	year={2017},
	eprint={1507.07689},
	archivePrefix={arXiv},
	primaryClass={math.CO}
}

@phdthesis{Rajnik_phd,
	author={Jozef Rajník},
	title={Cyclic connectivity and flows on graphs},
	school={Comenius University in Bratislava},
	year={2023}
}

@mastersthesis{Rajnik_mgr,
	author    = {Jozef Rajník},
	title     = {Small critical snarks and their generalizations},
	school    = {Comenius University in Bratislava},
	year      = {2019},
	type      = {Master's thesis}
}

@article{small-vertex-transitive,
	pages = {375--384},
	journal = {Ars Mathematica Contemporanea},
	volume = {4},
	number = {2},
	year = {2011},
	title = {Small vertex-transitive graphs of given degree and girth},
	keywords = {vertex-transitive graph; cage; degree; girth},
	url = {http://amc-journal.eu/index.php/amc/article/view/124/146},
	abstract = {We investigate the basic interplay between the small k-valent vertex-transitive graphs of girth g and the (k, g)-cages, the smallest k-valent graphs of girth g. We prove the existence of k-valent Cayley graphs of girth g for every pairof parameters k {$\ge$} 2 and g {$\ge$} 3, improve the lower bounds on the order of the smallest (k, g) vertex-transitive graphs forcertain families with prime power girth, and generalize the construction of Bray, Parker and Rowley that has yielded several of the smallest known (k, g)-graphs.},
	author = {Robert Jajcay and Jozef Širáň},
	issn = {1855-3974}
}

@book{algebraic-graph-theory,
	added-at = {2015-05-11T09:18:10.000+0200},
	author = {Chris Godsil and Gordon F. Royle},
	biburl = {https://www.bibsonomy.org/bibtex/2d2513e46a1d45c049a0a62bb40c05cd3/ytyoun},
	doi = {10.1007/978-1-4613-0163-9},
	interhash = {e50e146d7f4ebb2b9bb7bcf48d7595cc},
	intrahash = {d2513e46a1d45c049a0a62bb40c05cd3},
	isbn = {9781461301639 1461301637},
	keywords = {algebraic.graph.theory circuit determinant effective.resistance eigenvalues graph.theory kirchhoff network polynomial resistor spanning textbook},
	number = {Book 207},
	publisher = {Springer},
	refid = {883392096},
	series = {Graduate Texts in Mathematics},
	timestamp = {2016-12-30T13:56:56.000+0100},
	title = {Algebraic Graph Theory},
	year = 2001
}

@article{mccuaig-edge-reductions,
	title = {Edge reductions in cyclically k-connected cubic graphs},
	journal = {Journal of Combinatorial Theory, Series B},
	volume = {56},
	number = {1},
	pages = {16-44},
	year = {1992},
	issn = {0095-8956},
	doi = {https://doi.org/10.1016/0095-8956(92)90004-H},
	url = {https://www.sciencedirect.com/science/article/pii/009589569290004H},
	author = {William McCuaig},
}

@inproceedings{jaeger1980conjecture,
	author    = {Francois Jaeger},
	title     = {Conjecture 1},
	booktitle = {Combinatorics 79},
	editor    = {Deza, M. and Rosenberg, I. G.},
	series    = {Annals of Discrete Mathematics},
	volume    = {9},
	publisher = {North-Holland},
	address   = {Amsterdam},
	year      = {1980}
}

@article{Lou2005,
	abstract = {In this paper, we develop a polynomial time algorithm to determine the cyclic edge connectivity of a k-regular graph for k ≥ 3. The time complexity of the algorithm is bounded by O(k11|V|8), in particular, it is O(|V|8) for cubic graphs.},
	author = {Dingjun Lou and Wei Wang},
	issn = {28175204},
	journal = {Ars Combinatoria},
	title = {An efficient algorithm for cyclic edge connectivity of regular graphs},
	volume = {77},
	year = {2005}
}
@inproceedings{Lu2009,
	abstract = {A cyclic edge cutset is an edge cutset whose deletion disconnects the graph such that two of the components contain a cycle respectively. The cyclic edge connectivity cλ(G) is the minimum cardinality of all the cyclic edge cutsets of G. There is no polynomial time algorithm to determine the cyclic edge connectivity of a graph. In this paper,we develop a polynomial time algorithm to determine the cyclic edge connectivity of a planar graph. The time complexity of the algorithm is bounded by O(|V|2). © 2009 IEEE.},
	author = {Yunting Lu and Xin Lu},
	doi = {10.1109/APCIP.2009.184},
	booktitle = {Proceedings - 2009 Asia-Pacific Conference on Information Processing, APCIP 2009},
	title = {An efficient algorithm for cyclic edge connectivity of planar graphs},
	volume = {2},
	year = {2009}
}
@article{Dvorak2004,
	author = {Zdeněk Dvořák and Jan Kára and Daniel Kráľ and Ondřej Pangrác},
	doi = {10.1007/978-3-540-27810-8_21},
	issn = {16113349},
	journal = {Lecture Notes in Computer Science (including subseries Lecture Notes in Artificial Intelligence and Lecture Notes in Bioinformatics)},
	title = {An algorithm for cyclic edge connectivity of cubic graphs (extended abstract)},
	volume = {3111},
	year = {2004}
}

@article{McCuaig1992,
	author = {William McCuaig},
	doi = {10.1016/0012-365X(92)90043-F},
	issn = {0012365X},
	issue = {1},
	journal = {Discrete Mathematics},
	title = {Cycles through edges in cyclically k-connected cubic graphs},
	volume = {103},
	year = {1992}
}
@article{Doslic2003,
	author = {Tomislav Došlić},
	doi = {10.1023/A:1023299815308},
	issn = {02599791},
	issue = {2},
	journal = {Journal of Mathematical Chemistry},
	title = {Cyclical edge-connectivity of fullerene graphs and (k, 6)-cages},
	volume = {33},
	year = {2003}
}
@article{Andersen1988,
	author = {Lars Døvling Andersen and Herbert Fleischner and Bill Jackson},
	doi = {10.1007/BF01864149},
	issn = {09110119},
	issue = {1},
	journal = {Graphs and Combinatorics},
	title = {Removable edges in cyclically 4-edge-connected cubic graphs},
	volume = {4},
	year = {1988}
}

@article{Macajova2020,
	author = {Edita Máčajová and Giuseppe Mazzuoccolo},
	doi = {10.1090/proc/15057},
	issn = {0002-9939},
	issue = {11},
	journal = {Proceedings of the American Mathematical Society},
	title = {Reduction of the Berge-Fulkerson conjecture to cyclically 5-edge-connected snarks},
	volume = {148},
	year = {2020}
}
@article{Kochol2004,
	author = {Martin Kochol},
	doi = {10.1016/S0095-8956(03)00080-7},
	issn = {00958956},
	issue = {1},
	journal = {Journal of Combinatorial Theory. Series B},
	title = {Reduction of the 5-Flow Conjecture to cyclically 6-edge-connected snarks},
	volume = {90},
	year = {2004}
}

@article{Nedela2001,
	author = {Roman Nedela and Martin Škoviera},
	doi = {10.1006/eujc.2000.0441},
	issn = {01956698},
	issue = {2},
	journal = {European Journal of Combinatorics},
	title = {Regular Maps on Surfaces with Large Planar Width},
	volume = {22},
	year = {2001}
}

@article{Macajova2006,
	title = {Irreducible snarks of given order and cyclic connectivity},
	journal = {Discrete Mathematics},
	volume = {306},
	number = {8},
	pages = {779-791},
	year = {2006},
	issn = {0012-365X},
	doi = {https://doi.org/10.1016/j.disc.2006.02.003},
	url = {https://www.sciencedirect.com/science/article/pii/S0012365X0600080X},
	author = {Edita Máčajová and Martin Škoviera},
	keywords = {Snark, Cyclic connectivity, Edge-colouring},
}

@article{Kochol1996,
	title = {A cyclically 6-edge-connected snark of order 118},
	journal = {Discrete Mathematics},
	volume = {161},
	number = {1},
	pages = {297-300},
	year = {1996},
	issn = {0012-365X},
	doi = {https://doi.org/10.1016/0012-365X(95)00237-Q},
	url = {https://www.sciencedirect.com/science/article/pii/0012365X9500237Q},
	author = {Martin Kochol},
	abstract = {We present a cyclically 6-edge-connected snark of order 118, thereby illustrating a new method of constructing snarks.}
}

@article{kochol-snarks-without-small-cycles,
	author = {Martin Kochol},
	doi = {10.1006/jctb.1996.0032},
	issn = {00958956},
	issue = {1},
	journal = {Journal of Combinatorial Theory. Series B},
	title = {Snarks without small cycles},
	volume = {67},
	year = {1996}
}

@article{Goedgebeur2020,
	author = {Jan Goedgebeur and Edita Máčajová and Martin Škoviera},
	doi = {10.1016/j.dam.2019.09.020},
	issn = {0166218X},
	journal = {Discrete Applied Mathematics},
	title = {The smallest nontrivial snarks of oddness 4},
	volume = {277},
	year = {2020}
}
@article{Goedgebeur2019,
	author = {Jan Goedgebeur and Edita Máčajová and Martin Škoviera},
	doi = {10.26493/1855-3974.1601.e75},
	issn = {18553974},
	issue = {2},
	journal = {Ars Mathematica Contemporanea},
	title = {Smallest snarks with oddness 4 and cyclic connectivity 4 have order 44},
	volume = {16},
	year = {2019}
}

@article{Macajova2022,
	author = {Edita Máčajová and Jozef Rajník},
	doi = {10.1016/j.disc.2022.113036},
	issn = {0012365X},
	issue = {11},
	journal = {Discrete Mathematics},
	title = {Decomposition of cubic graphs with cyclic connectivity 5},
	volume = {345},
	year = {2022}
}


@article{Chladny2010,
	author = {Miroslav Chladný and Martin Škoviera},
	doi = {10.37236/304},
	issn = {10778926},
	issue = {1},
	journal = {Electronic Journal of Combinatorics},
	title = {Factorisation of snarks},
	volume = {17},
	year = {2010}
}

@article{Isaacs1975,
	author = {Rufus Isaacs},
	doi = {10.2307/2319844},
	issn = {00029890},
	issue = {3},
	journal = {The American Mathematical Monthly},
	title = {Infinite Families of Nontrivial Trivalent Graphs Which are Not Tait Colorable},
	volume = {82},
	year = {1975}
}

@article{Mazak2022,
	author = {Ján Mazák and Jozef Rajník and Martin Škoviera},
	doi = {10.37236/10917},
	issn = {10778926},
	issue = {4},
	journal = {Electronic Journal of Combinatorics},
	title = {Morphology of small snarks},
	volume = {29},
	year = {2022}
}

@article{Thomassen1983,
	author = {Carsten Thomassen},
	doi = {10.1016/0095-8956(83)90067-9},
	issn = {10960902},
	issue = {2},
	journal = {Journal of Combinatorial Theory, Series B},
	title = {Girth in graphs},
	volume = {35},
	year = {1983}
}

@article{Fleischner1988,
	author = {Herbert Fleischner and Bill Jackson},
	doi = {10.1016/S0167-5060(08)70458-8},
	issn = {01675060},
	issue = {C},
	journal = {Annals of Discrete Mathematics},
	title = {A Note Concerning some Conjectures on Cyclically 4–Edge Connected 3–Regular Graphs},
	volume = {41},
	year = {1988}
}
@article{Thomassen1986,
	author = {Carsten Thomassen},
	doi = {10.1002/jgt.3190100308},
	issn = {10970118},
	issue = {3},
	journal = {Journal of Graph Theory},
	title = {Reflections on graph theory},
	volume = {10},
	year = {1986}
}

@book{gross2018graph,
	title={Graph Theory and Its Applications},
	author={Jonathan L. Gross and Jay Yellen and Mark Anderson},
	isbn={9780429757099},
	series={Textbooks in Mathematics},
	url={https://books.google.sk/books?id=eVauDwAAQBAJ},
	year={2018},
	publisher={CRC Press}
}



